<?xml version="1.0" encoding="UTF-8"?><collection xmlns="http://www.loc.gov/MARC21/slim"><record><leader>00754nam--2200217-u-4500</leader><controlfield tag="001">000054164</controlfield><controlfield tag="002">20161230</controlfield><controlfield tag="005">20161230201051</controlfield><controlfield tag="008">110914s1000------------r-----000-0-eng-d</controlfield><datafield ind1=" " ind2=" " tag="020"><subfield code="a">0854980636</subfield></datafield><datafield ind1=" " ind2=" " tag="040"><subfield code="a">IFIN-HH</subfield></datafield><datafield ind1=" " ind2=" " tag="080"><subfield code="a">535.82(061.3)</subfield></datafield><datafield ind1="1" ind2=" " tag="100"><subfield code="a">Elder, H.Y</subfield></datafield><datafield ind1="1" ind2="0" tag="245"><subfield code="a">Emag-micro 89 proceedings of the institute of physics electron microscopy and analsis group and royal microscopical society conference held in lodon, 13-15 september 1989</subfield><subfield code="c">H.y. elder, p.j. goodhew (eds.)</subfield></datafield><datafield ind1=" " ind2=" " tag="260"><subfield code="a">Bristol</subfield><subfield code="b">Institute Of Physics</subfield><subfield code="c">1990</subfield></datafield><datafield ind1=" " ind2=" " tag="300"><subfield code="a">2 VOLUMES</subfield></datafield><datafield ind1=" " ind2=" " tag="490"><subfield code="a">Conference Series Number 98</subfield></datafield><datafield ind1="1" ind2=" " tag="700"><subfield code="a">Goodhew, P.J</subfield><subfield code="e">Ed</subfield></datafield><datafield ind1=" " ind2=" " tag="787"><subfield code="a">Volume 2</subfield><subfield code="h">/506p./888p</subfield><subfield code="t">Biological</subfield></datafield><datafield ind1=" " ind2=" " tag="852"><subfield code="a">70136</subfield><subfield code="c">537.533.35</subfield></datafield><datafield ind1=" " ind2=" " tag="CAT"><subfield code="a">Sys</subfield><subfield code="c">20110914</subfield><subfield code="h">145852</subfield></datafield></record></collection>